@article{holler93,
  author = {Holler, Mark and Thorson, Mark and Warthman, Forrest},
  journal = {Dr. Dobb's Journal},
  title = {A Neural-Network Audio Synthesizer},
  year = {1993},
  month = {02},
  pages = {50-64}
}

@article{EngelRRDESN17,
  author    = {Jesse Engel and
               Cinjon Resnick and
               Adam Roberts and
               Sander Dieleman and
               Douglas Eck and
               Karen Simonyan and
               Mohammad Norouzi},
  title     = {Neural Audio Synthesis of Musical Notes with WaveNet Autoencoders},
  journal   = {CoRR},
  volume    = {abs/1704.01279},
  year      = {2017},
  url       = {http://arxiv.org/abs/1704.01279},
  timestamp = {Wed, 07 Jun 2017 14:43:03 +0200},
  biburl    = {http://dblp.uni-trier.de/rec/bib/journals/corr/EngelRRDESN17},
  bibsource = {dblp computer science bibliography, http://dblp.org}
}

@article{wavenet16,
  author    = {A{\"{a}}ron van den Oord and
               Sander Dieleman and
               Heiga Zen and
               Karen Simonyan and
               Oriol Vinyals and
               Alex Graves and
               Nal Kalchbrenner and
               Andrew W. Senior and
               Koray Kavukcuoglu},
  title     = {WaveNet: {A} Generative Model for Raw Audio},
  journal   = {CoRR},
  volume    = {abs/1609.03499},
  year      = {2016},
  url       = {http://arxiv.org/abs/1609.03499},
  timestamp = {Wed, 07 Jun 2017 14:42:54 +0200},
  biburl    = {http://dblp.uni-trier.de/rec/bib/journals/corr/OordDZSVGKSK16},
  bibsource = {dblp computer science bibliography, http://dblp.org}
}

@misc{magenta,
    author = {Ian Simon and Sageev Oore},
    title = {
        Performance RNN: Generating Music with Expressive Timing and Dynamics
    },
    journal = {Magenta Blog},
    type = {Blog},
    year = {2017},
    howpublished = {\url{https://magenta.tensorflow.org/performance-rnn}}
}

@misc{colah,
    author = {Christopher Olah},
    title = {
        Understanding LSTM Networks
    },
    journal = {Magenta Blog},
    type = {Blog},
    year = {2017},
    howpublished = {\url{https://magenta.tensorflow.org/performance-rnn}}
}

@article{LSTM,
 author = {Hochreiter, Sepp and Schmidhuber, J\"{u}rgen},
 title = {Long Short-Term Memory},
 journal = {Neural Comput.},
 issue_date = {November 15, 1997},
 volume = {9},
 number = {8},
 month = nov,
 year = {1997},
 issn = {0899-7667},
 pages = {1735--1780},
 numpages = {46},
 url = {http://dx.doi.org/10.1162/neco.1997.9.8.1735},
 doi = {10.1162/neco.1997.9.8.1735},
 acmid = {1246450},
 publisher = {MIT Press},
 address = {Cambridge, MA, USA},
}

@article{GoogleDeepDream,
  author    = {Christian Szegedy and
               Wei Liu and
               Yangqing Jia and
               Pierre Sermanet and
               Scott E. Reed and
               Dragomir Anguelov and
               Dumitru Erhan and
               Vincent Vanhoucke and
               Andrew Rabinovich},
  title     = {Going Deeper with Convolutions},
  journal   = {CoRR},
  volume    = {abs/1409.4842},
  year      = {2014},
  url       = {http://arxiv.org/abs/1409.4842},
  timestamp = {Wed, 07 Jun 2017 14:40:42 +0200},
  biburl    = {http://dblp.uni-trier.de/rec/bib/journals/corr/SzegedyLJSRAEVR14},
  bibsource = {dblp computer science bibliography, http://dblp.org}
}

@inproceedings{Herrera:DrumClassif,
 author = {Herrera, Perfecto and Yeterian, Alexandre and Gouyon, Fabien},
 title = {Automatic Classification of Drum Sounds: A Comparison of Feature Selection Methods and Classification Techniques},
 booktitle = {Proceedings of the Second International Conference on Music and Artificial Intelligence},
 series = {ICMAI '02},
 year = {2002},
 isbn = {3-540-44145-X},
 pages = {69--80},
 numpages = {12},
 acmid = {688015},
 publisher = {Springer-Verlag},
 address = {London, UK, UK},
}

@inproceedings{EybenOnSet,
author = {Eyben, Florian and Böck, Sebastian and Schuller, Björn and Graves, Alex},
year = {2010},
month = {01},
pages = {589-594},
title = {Universal Onset Detection with Bidirectional Long-Short Term Memory Neural Networks},
booktitle = {International Society for Music Information Retrieval Conference}
}

@article{LSTMspeech_ChungKDGCB15,
  author    = {Junyoung Chung and
               Kyle Kastner and
               Laurent Dinh and
               Kratarth Goel and
               Aaron C. Courville and
               Yoshua Bengio},
  title     = {A Recurrent Latent Variable Model for Sequential Data},
  journal   = {CoRR},
  volume    = {abs/1506.02216},
  year      = {2015},
  url       = {http://arxiv.org/abs/1506.02216},
  timestamp = {Wed, 07 Jun 2017 14:40:20 +0200},
  biburl    = {http://dblp.uni-trier.de/rec/bib/journals/corr/ChungKDGCB15},
  bibsource = {dblp computer science bibliography, http://dblp.org}
}

@online{Keras2017,
  title = {Keras},
  year = 2017,
  url = {https://keras.io/}
}

@article{wu2016merlin,
  title={Merlin: An open source neural network speech synthesis system},
  author={Wu, Zhizheng and Watts, Oliver and King, Simon},
  journal={Proc. SSW, Sunnyvale, USA},
  year={2016}
}